@article{einstein1905,
  title = {Zur Elektrodynamik bewegter K{\"o}rper},
  author = {Albert Einstein},
  journal = {Annalen der Physik},
  volume = {322},
  number = {10},
  pages = {891--921},
  year = {1905},
  language = {german},
  DOI = {http://dx.doi.org/10.1002/andp.19053221004},
  keywords = {physics}
}

@book{ilyin1998,
  title = {Основы математического анализа: В 2 ч. Часть I: Учеб.: Для вузов.},
  author = {В. А. Ильин and Э. Г. Позняк},
  edition = {5-е},
  address = {М.},
  publisher = {Наука. Физматлит},
  year = 1998,
  pagetotal = 616,
  isbn ={5-02-015231-5}
  }
